% qui la bibliografia

@manual{monoManual,
	title = "HR460 User Manual",
	organization = "I.S.A. Jobin Yvon-Spex",
	year = "1996"
}

@manual{cameraManual,
	title = "Operating Manual for intensified CCD (ICCD) digital video camera system",
	organization = "Stanford Computer Optics, Inc.",
	year = "2014"
}

@manual{cameraAPIManual,
	title = "LabVIEW API",
	organization = "Stanford Computer Optics, Inc."
}

@manual{monoAPIManual,
	title = "LabVIEW Driver Supplement to the Spectometer Control Manual",
	organization = "Horiba Jobin Yvon"
}

@unpublished{miseAnServiceCamera,
	author = "Francois Countaceau",
	title = "Mise en service d'une camera ICCD",
	note = "Relazione di tirocinio",
	month = "Luglio",
	year = "2013"
}

@manual{labviewWebSite,
	title = "http://www.ni.com/labview/i/",
	organization = "Nation Instruments Corporation",
	year = "2017"
}

@manual{iccdSystem,
	title = "http://www.stanfordcomputeroptics.com/technology/iccd-system-overview.html",
	organization = "Standford Computer Optics",
	year = "2013"
}

@manual{ctMono,
	title = "https://en.wikipedia.org/wiki/Monochromator"
}